<?xml version="1.0" encoding="UTF-8"?><record xmlns="http://www.loc.gov/MARC21/slim" xmlns:cinclude="http://apache.org/cocoon/include/1.0" xmlns:zs="http://www.loc.gov/zing/srw/">
  <leader>00773cz  a2200217n  4500</leader>
  <controlfield tag="001">nr 98016394 </controlfield>
  <controlfield tag="003">DLC</controlfield>
  <controlfield tag="005">20100527080228.0</controlfield>
  <controlfield tag="008">980501nn acannaabn          |a ana      </controlfield>
  <datafield tag="010" ind1=" " ind2=" ">
    <subfield code="a">nr 98016394 </subfield>
  </datafield>
  <datafield tag="034" ind1=" " ind2=" ">
    <subfield code="d">E0755900</subfield>
    <subfield code="e">E0755900</subfield>
    <subfield code="f">N0390500</subfield>
    <subfield code="g">N0390500</subfield>
    <subfield code="2">geonames</subfield>
  </datafield>
  <datafield tag="035" ind1=" " ind2=" ">
    <subfield code="a">(OCoLC)oca04720701</subfield>
  </datafield>
  <datafield tag="040" ind1=" " ind2=" ">
    <subfield code="a">DLC-R</subfield>
    <subfield code="b">eng</subfield>
    <subfield code="c">DLC-R</subfield>
    <subfield code="d">OCoLC</subfield>
    <subfield code="d">DLC-R</subfield>
    <subfield code="d">OCoLC</subfield>
  </datafield>
  <datafield tag="043" ind1=" " ind2=" ">
    <subfield code="a">a-cc-su</subfield>
  </datafield>
  <datafield tag="151" ind1=" " ind2=" ">
    <subfield code="a">Akto Xian (China)</subfield>
  </datafield>
  <datafield tag="451" ind1=" " ind2=" ">
    <subfield code="a">Aketao Xian (China)</subfield>
  </datafield>
  <datafield tag="451" ind1=" " ind2=" ">
    <subfield code="a">A-kʻo-tʻao hsien (China)</subfield>
  </datafield>
  <datafield tag="670" ind1=" " ind2=" ">
    <subfield code="a">A-kʻo-tʻao hsien chih, 1996:</subfield>
    <subfield code="b">t.p. (in Hsin-chiang Wei-wu-erh tzu chih chʻü)</subfield>
  </datafield>
  <datafield tag="670" ind1=" " ind2=" ">
    <subfield code="a">Chung-kuo ti ming lu, 1983:</subfield>
    <subfield code="b">p. 1 (Akto Xian; in Hsin-chiang)</subfield>
  </datafield>
  <datafield tag="670" ind1=" " ind2=" ">
    <subfield code="a">GeoNames, algorithmically matched, 2009</subfield>
    <subfield code="b">(adm3; 39°05ʹ00ʺN 075°59ʹ00ʺE)</subfield>
  </datafield>
  <datafield tag="781" ind1=" " ind2="0">
    <subfield code="z">China</subfield>
    <subfield code="z">Akto Xian</subfield>
  </datafield>
</record>